@book{koshy2004discrete,
  title={Discrete mathematics with applications},
  author={Koshy, Thomas},
  year={2004},
  publisher={Elsevier}
},
@article{choy2003development,
  title={Development of an intelligent customer-supplier relationship management system: the application of case-based reasoning},
  author={Choy, King Lun and Fan, Kenny KH and Lo, Victor},
  journal={Industrial Management \& Data Systems},
  year={2003},
  publisher={MCB UP Ltd}
},
@misc{tv2,
  author = {Freja Sofie Madsen},
  title = {{Ung kvinde snød Kræftens Bekæmpelse og sine 20.000 følgere på Instagram}},
  url ={https://nyheder.tv2.dk/samfund/2021-03-02-ung-kvinde-snoed-kraeftens-bekaempelse-og-sine-20000-foelgere-paa-instagram},
  year = {2021}
}
