@online{cphbusinessBP,
    author = "Copenhagen Business Academy",
    title = "Bachelor project",
    url  = "https://datsof/ tlyngby.github.io/sof t2020f all/resources/bbe51cf2âˆ’bachelorP roject.pdf",
}

@online{cphbusiness,
    author = "Copenhagen Business Academy",
    title = "PBA SOFT CBA Studieordning",
    url  = "https://www.cphbusiness.dk/media/1177/pba_soft_cba_studieordning.pdf",
}